@article{repullo2000,
  title={Who should act as lender of last resort? An incomplete contracts model},
  author={Repullo, Rafael},
  journal={Journal of Money, Credit and Banking},
  pages={580--605},
  year={2000},
  publisher={JSTOR}
}
